@string{ieeeits = "IEEE Transactions on Intelligent Transportation Systems"}
@string{AMS = "Fachgespr√§che Autonome Mobile Systeme (AMS)"}
@string{advancedrobotics = "Advanced Robotics"}
@string{mitpress = "MIT Press"}
@string{SOAVE = "Proc.~of the Workshop on Self-Organization of AdaptiVE behavior (SOAVE)"}
@string{springer = "Springer Verlag"}
@string{springerstaradvanced = "STAR Springer tracts in advanced robotics"}
@string{UAI = "Proc.~of the Conf.~on Uncertainty in Artificial Intelligence (UAI)"}
@string{ICRA = "Proc.~of the IEEE Int.~Conf.~on Robotics \& Automation (ICRA)"}
@string{IJCAI = "Proc.~of the Int.~Conf.~on Artificial Intelligence (IJCAI)"}
@string{IROS = "Proc.~of the IEEE/RSJ Int.~Conf.~on Intelligent Robots and Systems (IROS)"}
@string{ICAR = "Proc.~of the Int.~Conf.~on Advanced Robotics (ICAR)"}
@string{CIRA = "Proc.~of the IEEE Int.~Symp.  on Comput. Intell. in Rob. and Aut. (CIRA)"}
@string{ieeeram = "IEEE Robotics \& Automation Magazine"}
@string{jras = "Journ.~of Rob.~\& Aut.~Systems"}
@string{ar = "Autonomous Robots"}
@string{ieeetrans = "{IEEE} Tran. on Rob. and Aut."}
@string{ijrr = "Int.~Journal of Robotics Research"}
@string{ieeepress = "IEEE Computer Society Press"}
@string{addison = "Addison-Wesley Publishing Inc."}
@string{ieeepress = "IEEE Computer Society Press"}
@string{dagstuhl = "Proc.~of the Dagstuhl Seminar on Plan-based Control of Robotic Agents"}
@string{ECMR  = "Proc.~of the European Conference on Mobile Robots (ECMR)"}
@string{ROBOTICS = "Proc.~of the Int.~Conf.~on Robotics: Science and Systems"}
@string{NIPS = "Proc.~of the Conf.~on Neural Information Processing Systems (NIPS)"}
@string{ISRR = "Proc. of the Int.~Symposium of Robotics Research (ISRR)"}
@string{RSS = "Proc. of  Robotics: Science and Systems (RSS)"}
@string{RSSBOOK = "Robotics: Science and Systems"}
@string{ieeetransrob = "{IEEE} Transactions on Robotics"}
@string{snowbird = "Proc.~of the Learning Workshop (Snowbird)"}
@string{jfr = "Journal on Field Robotics"}
@string{CVPR = "Proc.~of the IEEE Conf.~on Computer Vision and Pattern Recognition (CVPR)"}
@string{ICIP = "Proc.~of the IEEE Int.~Conf.~on Image Processing (ICIP)"}
@string{SMC = "Proc.~of the IEEE Int.~Conf.~on Systems, Man, and Cybernetics (SMC)"}
@string{ICCV = "Proc.~of the Int.~Conf.~on Computer Vision (ICCV)"}
@string{ECCV = "Proc.~of the Europ.~Conf.~on Computer Vision (ECCV)"}

@string{ijcv = "Int.~Journal of Computer Vision"}
@string{jair = "Journal of Artificial Intelligence Research"}
@string{joe = "IEEE Journal of Oceanic Engineering"}
@string{oceans = "Proc.~of OCEANS MTS/IEEE Conference and Exhibition"}

@string{pami = "{IEEE} Trans.~on Pattern Analysis and Machine Intelligence"}
@string{mobicom = {Proc.~of the {ACM} Int.~Conf.~on Mobile Computing and Networking {(MobiCom)}}}
@string{rasmag = {{IEEE} Robotics and Automation Magazine}}
@string{AAAI  = "Proc.~of the AAAI Conference on Artificial Intelligence"}





@INPROCEEDINGS{naseer15iros,
    AUTHOR    = {T. Naseer and M. Ruhnke and C. Stachniss and L. Spinello and  W. Burgard},
    TITLE     = {Robust Visual SLAM Across Seasons},
    BOOKTITLE = IROS,
    YEAR      = 2015,
}

@INPROCEEDINGS{pascoe15icra,
    AUTHOR    = {G. Pascoe AND W. Maddern AND A.D. Stewart and P Newman},
    TITLE     = {FARLAP: Fast Robust Localisation using Appearance Priors},
    BOOKTITLE =  ICRA,
    YEAR      = 2015,
}

@INPROCEEDINGS{linegar15icra,
    AUTHOR    = {C. Linegar AND W. Churchill AND P. Newman},
    TITLE     = {Work Smart, Not Hard: Recalling Relevant Experiences for Vast-Scale but Time-Constrained Localisation},
    BOOKTITLE =  ICRA,
    YEAR      = 2015,
}

@INPROCEEDINGS{stumm15icra,
    AUTHOR    = {E. Stumm AND C. Mei AND S. Lacroix AND M. Chli},
    TITLE     = {Location Graphs for Visual Place Recognition},
    BOOKTITLE =  ICRA,
    YEAR      = 2015,
}


@INPROCEEDINGS{cummins09fabmap2,
    AUTHOR    = {M. Cummins AND P. Newman},
    TITLE     = {Highly scalable appearance-only {SLAM} - {FAB-MAP} 2.0},
    BOOKTITLE = {Proc.~of Robotics: Science and Systems},
    YEAR      = {2009},
}

@inproceedings{zhang2008global,
  title={Global data association for multi-object tracking using network flows},
  author={Zhang, Li and Li, Yuan and Nevatia, Ramakant},
  booktitle={Proc.~of the IEEE Int.~Conf.~on Computer Vision and Pattern Recognition (CVPR)},
  year={2008}
}

@inproceedings{vysotska15icra,
  title={Efficient and Effective Matching of Image Sequences Under Substantial Appearance Changes  Exploiting GPS Priors},
  author={O. Vysotska and T. Naseer and L. Spinello and W. Burgard and C. Stachniss},
  booktitle=icra,
  year={2015}
}

@inproceedings{vysotska15icraws,
  author = {O. Vysotska and C. Stachniss},
  title = {Lazy Sequences Matching Under Substantial Appearance Changes},
  booktitle = {Workshop on Visual Place Recognition in Changing Environments at the IEEE Proceedings of the IEEE Int. Conf. on Robotics \& Automation (ICRA)},
  year = {2015},
  Note = {Short paper}
}

@article{benshitrit2013,
  author = {Ben Shitrit, H. and Berclaz, J. and Fleuret, F. and Fua, P.},
  title = {Multi-Commodity Network Flow for Tracking Multiple People},
  journal ={IEEE Trans. Pattern Anal. Mach. Intell.},
  volume = {99},
  year = {2013},
  pages = {1}
}

@inproceedings{haehnel03isrr,
	Address = {Siena, Italy},
	Author = {H{\"a}hnel, D. and Burgard, W. and Wegbreit, B. and Thrun., S.},
	Booktitle = ISRR,
	Pages = {421--431},
	Title = {Towards lazy data association in SLAM},
	Year = {2003}}



@article{goldberg1995efficient,
  title={An efficient cost scaling algorithm for the assignment problem},
  author={Goldberg, Andrew V and Kennedy, Robert},
  journal={Mathematical Programming},
  volume={71},
  number={2},
  pages={153--177},
  year={1995}
}

@ARTICLE{Davison07monoslam:real-time,
    author = {A.J. Davison and I.D. Reid and N.D. Molton and O. Stasse},
    title = {MonoSLAM: Real-time single camera SLAM},
    journal = {IEEE Transactions Pattern Analysis and Machine Intelligence},
    year = {2007},
    volume = {29},
}




@conference{cummins_newman_2010_icml,
  author={Cummins, M. and Newman, P.},
  title={Appearance-Based Place Recognition and Mapping using a Learned Visual Vocabulary Model},
  booktitle={Int.~Conf.~on Machine Learning},
  year={2010}
}

@article {konolige08tro_frameslam,
	title = {FrameSLAM: From Bundle Adjustment to Real-Time Visual Mapping},
	journal = ieeetransrob, 
	volume = {24},
	number = {5},
	year = {2008},
	author = {M. Agrawal and K. Konolige}
}

@inproceedings{glover_fabmap_plus_ratslam10,
  
  author = {Glover, A.J. and Maddern, W.P. and Milford, M. and Wyeth, G.F.},
  booktitle = {Proc.~of the IEEE Int.~Conf.~on Robotics and Automation (ICRA)},
  pages = {3507-3512},
  title = {{FAB-MAP} + {RatSLAM}: Appearance-based SLAM for multiple times of day.},
  year = {2010}
}

@article{Bay2008SURF,
 author = {Bay, H. and Ess, A. and Tuytelaars, T. and Van Gool, L.},
 title = {Speeded-Up Robust Features ({SURF})},
 journal = {Comput. Vis. Image Underst.},
 issue_date = {June, 2008},
 volume = {110},
 number = {3},
 year = {2008},
 pages = {346--359}
} 

@InProceedings{naseer14aaai,
  title =	 {Robust Visual Robot Localization Across Seasons using Network Flows},
  author =	 {T. Naseer and L. Spinello and W. Burgard and C. Stachniss},
  booktitle =	 AAAI,
  year =	 2014,
  URL =          {http://www.informatik.uni-freiburg.de/~stachnis/pdf/naseer14aaai.pdf},
}

@article{Lowe04SIFT,
 author = {Lowe, D.G.},
 title = {Distinctive Image Features from Scale-Invariant Keypoints},
 journal = {Int. J. Comput. Vision},
 volume = {60},
 number = {2},
 year = {2004},
 issn = {0920-5691},
 pages = {91--110},
 numpages = {20},
 address = {Hingham, MA, USA},
} 

@inproceedings{biber05rss,
    author = {Biber, P. and Duckett, T.},
  booktitle = {Proc.~of Robotics: Science and Systems},
  pages = {17-24},
  title = {Dynamic Maps for Long-Term Operation of Mobile Service Robots.},
 year = {2005}
}

@article{Furgale10VTR,
  
  author = {Furgale, P.T. and Barfoot, T.D.},
  journal = {Int. J. Field Robotics},
  pages = {534-560},
  title = {Visual teach and repeat for long-range rover autonomy.},
  volume = {27},
  year = {2010}
}




@inproceedings{SeqSlam,

  author = {Milford, M. and Wyeth, G.F.},
  booktitle = {Proc.~of the IEEE Int.~Conf.~on Robotics and Automation (ICRA)},
  title = {SeqSLAM: Visual route-based navigation for sunny summer days and stormy winter nights.},
  year = {2012}
}


@inproceedings{neubert13ecmr,
  author = {Neubert, P. and Sunderhauf, N. and    Protzel, P.},
  title = {Appearance Change Prediction for Long-Term Navigation Across Seasons},
  booktitle = {Proc.~of the European Conference on Mobile Robotics (ECMR) },
  year = {2013}

}

@InProceedings{bennewitz06euros,
  author =	 {Bennewitz, M. and Stachniss, C. and Burgard, W. and
                  Behnke, S.},
  booktitle =	 {European Robotics Symposium},
  title =	 {Metric Localization with Scale-Invariant Visual
                  Features using a Single Perspective Camera},
  year =	 2006,
  pages =	 {143--157},
  pdfurl =       {http://www.informatik.uni-freiburg.de/~stachnis/pdf/bennewitz06euros.pdf},
}

@inproceedings {OpenSeqSlam,
  author = { Sunderhauf, Niko and  Neubert , Peer and  Protzel, Peter},
  title = {Are We There Yet? Challenging SeqSLAM on a 3000 km Journey Across All Four Seasons},
  booktitle = {Proc.~of the ICRA Workshop on Long-Term Autonomy},
  year = {2013}

}

@article{churchill13ijrr,
Author = {W. Churchill and P. Newman},
Journal = {Int.~Journal of Robotics Research},
Keywords = {Experience Based Navigation},
Pdf = {http://www.robots.ox.ac.uk/~mobile/Papers/2013IJRR_Churchill.pdf},
Title = {{E}xperience-based {N}avigation for {L}ong-term {L}ocalisation},
Year = {2013}}

@INPROCEEDINGS {WinstonICRA2012,
    AUTHOR = { Churchill, W.  and Newman, P.},
    BOOKTITLE = {Proc.~of the IEEE Int.~Conf.~on Robotics and Automation (ICRA)},
    TITLE = { Practice Makes Perfect? Managing and Leveraging Visual Experiences for Lifelong Navigation },
    YEAR = { 2012 }
}


@INPROCEEDINGS {johns13icra_cooccurence,
    AUTHOR = { Johns, E. and Yang, G.-Z.},
    BOOKTITLE = {Proc.~of the IEEE Int.~Conf.~on Robotics and Automation (ICRA)},
    TITLE = {Feature Co-occurrence Maps: Appearance-Based Localisation Throughout the Day},
    YEAR = { 2013 }
}

@article{pacheco_VSLAM_survey12,
author={Fuentes-Pacheco, J. and Ruiz-Ascencio, J. and Rend\'on-Mancha, J.M.},
year={2012},

journal={Artificial Intelligence Review},

title={Visual simultaneous localization and mapping: a survey},
pages={1-27},
publisher={Springer},
keywords={Visual SLAM; Salient feature selection; Image matching; Data association; Topological and metric maps}
}

@InProceedings{stachniss05aaai,
  title =	 {Mobile Robot Mapping and Localization in Non-Static
                  Environments},
  author =	 {Stachniss, C. and Burgard, W.},
  booktitle =	 aaai,
  year =	 2005,
  pages =	 {1324--1329},
}

@book{ahuja1993network,
  title={Network flows: theory, algorithms, and applications},
  author={Ahuja, Ravindra K and Magnanti, Thomas L and Orlin, James B},
  year={1993},
  publisher={Prentice hall},
}



@inproceedings{OpenFabMap,

  author = {Glover, Arren J. and Maddern, William P. and Warren, Michael and Reid, Stephanie and Milford, Michael and Wyeth, Gordon},

  booktitle = {Proc.~of the IEEE Int.~Conf.~on Robotics and Automation (ICRA)},
 title = {OpenFABMAP: An open source toolbox for appearance-based loop closure detection.},
 year = {2012}
}

@INPROCEEDINGS{Dalal05HoG,
    author = {Navneet Dalal and Bill Triggs},
    title = {Histograms of Oriented Gradients for Human Detection},
    booktitle = {Proc.~of the IEEE Int.~Conf.~on Computer Vision and Pattern Recognition (CVPR)},
    year = {2005},
  
}


@ARTICLE{Mikolajczyk05acomparisondetectors,
    author = {K. Mikolajczyk and T. Tuytelaars and C. Schmid and A. Zisserman and J. Matas and F. Schaffalitzky and T. Kadir and L. Van Gool},
    title = {A comparison of affine region detectors},
    journal = {Int. J. Comput. Vision},
    year = {2005},
    volume = {65},
    pages = {2005}
}

@Book{heineman09alogbook,
  author = 	 {G.T. Heineman and G. Pollice and S. Selkow},
  title = 	 {Algorithms in a Nutshell},
  publisher = 	 {O'Reilly},
  year = 	 {2009},
}

@ARTICLE{valgren09seasons,
    author = {C. Valgren and  A.J. Lilienthal },
    title = {{SIFT}, {SURF} \& {Seasons}: {A}ppearance-based long-term localization in outdoor environments},
    journal =  {Robotics and Autonomous Systems},
    number = 2,
    year = {2010},
    volume = {85},
    pages = {149-156},
}

@inproceedings{sunderhauf2013we,
  title={Are we there yet? challenging seqslam on a 3000 km journey across all four seasons},
  author={S{\"u}nderhauf, Niko and Neubert, Peer and Protzel, Peter},
  booktitle={Proc. of Workshop on Long-Term Autonomy, IEEE International Conference on Robotics and Automation (ICRA)},
  pages={2013},
  year={2013}
}

@inproceedings{sermanet-iclr-14,
 title = "OverFeat: Integrated Recognition, Localization and Detection using Convolutional Networks",
 author = "Sermanet, P. and Eigen, D. and Zhang, Z. and Mathieu, M. and Fergus, R. and LeCun, Y.",
 booktitle = "Intl.~Conf.~on Learning Representations (ICLR)",
 year = "2014",
 url = "http://openreview.net/document/d332e77d-459a-4af8-b3ed-55ba",
 arxiv = "http://arxiv.org/abs/1312.6229"
}


@article{chen2014convolutional,
  title={Convolutional Neural Network-based Place Recognition},
  author={Z. Chen and O. Lam and A. Jacobson and M.Milford},
  journal={Australasian Conference on Robotics and Automation 2014.},
}

@article{gomez2015training,
  title={Training a Convolutional Neural Network for Appearance-Invariant Place Recognition},
  author={Gomez-Ojeda, R. and Lopez-Antequera, M. and Petkov, N. and Gonzalez-Jimenez, J.},
  journal={arXiv preprint arXiv:1505.07428},
  year={2015}
}

@inproceedings{sunderhauf2015place,
  title={Place recognition with ConvNet landmarks: Viewpoint-robust, condition-robust, training-free},
  author={S{\"u}nderhauf, N. and Shirazi, S. and Jacobson, A. and Dayoub, F. and Pepperell, E. and Upcroft, B. and Milford, M.},
  booktitle={Proc.~of Robotics: Science and Systems},
  year={2015}
}

@article{vprice2015,
  title={The VPRiCE Challenge 2015 -- Visual Place Recognition in Changing Environments at ICRA 2015 and CVPR 2015},
  howpublished={https://roboticvision.atlassian.net/wiki/pages/viewpage.action?pageId=14188617},
  year={2015}
}

@inproceedings{mishkinplace,
  title={Place Recognition with WxBS Retrieval},
  author={Mishkin, D. and Perdoch, M. and Matas, J.},
  booktitle = {Proc. of the CVPR 2015 Workshop on Visual Place Recognition in Changing Environments},
  year = 2015,
}

@article{milford2013vision,
  title={Vision-based place recognition: how low can you go?},
  author={Milford, M.},
  journal=IJRR,
  volume={32},
  number={7},
  pages={766--789},
  year={2013},
  publisher={SAGE Publications}
}

@inproceedings{matsumoto1996visual,
author={Matsumoto, Y. and Inaba, M. and Inoue, H.},
booktitle= ICRA,
title={Visual navigation using view-sequenced route representation},
year={1996}
}
